
@article{IPCC,
title = "Fifth Assessment Report, Mitigation of Cliamte Change",
author="IPCC",
journal="Intergovernmental Panel on Climate Change",
volume="",
pages="674-738"
year="2014",
}

@article{Staniaszek2014BPIE,
title = "Renovation Strategies of Selected EU Countries",
author="Dan Staniaszek",
journal="BPIE",
volume="",
year="2014",
}

@online{,
  author = {European commission},
  title = {Paris Agreement},
  year = {},
  url = {http://ec.europa.eu/clima/policies/international/negotiations/paris/index_en.htm},
  urldate = {27.10.2016}
}

@online{,
  author = {World Nuclear Association},
  title = {Nuclear Power in Switzerland},
  year = {2016},
  url = {http://www.world-nuclear.org/information-library/country-profiles/countries-o-s/switzerland.aspx},
  urldate = {28.10.2016}
}

@article{sonderegger2010diagnostic,
  title={Diagnostic tests determining the thermal response of a house},
  author={Sonderegger, Robert},
  journal={Lawrence Berkeley National Laboratory},
  year={2010}
}

@inproceedings{zweifel2007new,
  title={New EPBD related European Standards and their relation to building and HVAC system simulation},
  author={Zweifel, Gerhard},
  booktitle={Proceedings Building Simulation},
  volume={7},
  year={2007}
}

@article{mejri2011energy,
  title={Energy performance assessment of occupied buildings using model identification techniques},
  author={Mejri, Olfa and Del Barrio, Elena Palomo and Ghrab-Morcos, Nadia},
  journal={Energy and Buildings},
  volume={43},
  number={2},
  pages={285--299},
  year={2011},
  publisher={Elsevier}
}
@article{madsen1995estimation,
  title={Estimation of continuous-time models for the heat dynamics of a building},
  author={Madsen, Henrik and Holst, Jan},
  journal={Energy and Buildings},
  volume={22},
  number={1},
  pages={67--79},
  year={1995},
  publisher={Elsevier}
}
@article{bacher2011identifying,
  title={Identifying suitable models for the heat dynamics of buildings},
  author={Bacher, Peder and Madsen, Henrik},
  journal={Energy and Buildings},
  volume={43},
  number={7},
  pages={1511--1522},
  year={2011},
  publisher={Elsevier}
}
@article{andersen2000modelling,
  title={Modelling the heat dynamics of a building using stochastic differential equations},
  author={Andersen, Klaus Kaae and Madsen, Henrik and Hansen, Lars H},
  journal={Energy and Buildings},
  volume={31},
  number={1},
  pages={13--24},
  year={2000},
  publisher={Elsevier}

@techreport{EIA,
   title = {{Energy Efficiency Market Report 2015: Market Trends and Medium-Term Prospects}},
   author = {Tyler Bryant, International Energy Agency},
   group = {OECD/IEA},
   year = {2015},
   institution = {International Energy Agency},
   month = {01},
   Date-Added = {2015-10-07 16:29:09},
   Date-Modified = {2015-12-18 14:15:00}
}

@article{fanger1970thermal,
  title={Thermal comfort. Analysis and applications in environmental engineering.},
  author={Fanger, Poul O and others},
  journal={Thermal comfort. Analysis and applications in environmental engineering.},
  year={1970},
  publisher={Copenhagen: Danish Technical Press.}
}

@article{nicol2002adaptive,
  title={Adaptive thermal comfort and sustainable thermal standards for buildings},
  author={Nicol, J Fergus and Humphreys, Michael A},
  journal={Energy and buildings},
  volume={34},
  number={6},
  pages={563--572},
  year={2002},
  publisher={Elsevier}
}

@techreport{ISO13790,
author = {ISO},
type = {Standard},
key = {ISO 13790:2008(E)},
month = mar,
year = {2008},
title = {{Energy performance of buildings - Calculation of energy use for space heating and cooling}},
volume = {2008},
address = {Geneva, CH},
institution = {International Organization for Standardization}

@online{SysThermalModel,
  author = {Erik Cheever},
  title = {Mathematical Models of Thermal Systems},
  year = {2005},
  url = {http://lpsa.swarthmore.edu/Systems/Thermal/SysThermalModel.html},
  urldate = {2016-12-03}
}

@online{ASF
  author = {Arno Schleuter},
  title = {Adaptive Solar Facade (ASF)},
  year = {2011},
  url = {http://www.systems.arch.ethz.ch/research/asf-adaptive-solar-facade.html},
  urldate = {2016-12-04}
}

@online{HiLo
  author = {Diederik Veenendaal},
  title = {Nest HILO},
  year = {2016},
  url = {http://hilo.arch.ethz.ch},
  urldate = {2016-12-06}
}

http://hilo.arch.ethz.ch/

